<?xml version="1.0" encoding="UTF-8"?><collection xmlns="http://www.loc.gov/MARC21/slim"><record><leader>00461nam--2200181-i-4500</leader><controlfield tag="001">000029551</controlfield><controlfield tag="002">20161230</controlfield><controlfield tag="005">20161230201037</controlfield><controlfield tag="008">060222s1000------------r-----000-0-eng-d</controlfield><datafield ind1=" " ind2=" " tag="040"><subfield code="a">IFIN-HH</subfield></datafield><datafield ind1=" " ind2=" " tag="080"><subfield code="a">517.98</subfield></datafield><datafield ind1="1" ind2=" " tag="100"><subfield code="a">Lumer,G</subfield></datafield><datafield ind1="1" ind2="0" tag="245"><subfield code="a">Lalgebres de fonctions et espaces </subfield></datafield><datafield ind1=" " ind2=" " tag="260"><subfield code="a">Berlin, Springer-verlag, 1968</subfield></datafield><datafield ind1=" " ind2=" " tag="490"><subfield code="a">Lecture Notes in Mathematics</subfield><subfield code="v">Vol.75</subfield></datafield><datafield ind1=" " ind2=" " tag="700"><subfield code="a">G.Lumer</subfield></datafield><datafield ind1=" " ind2=" " tag="852"><subfield code="a">75800</subfield><subfield code="c">517.9</subfield></datafield><datafield ind1=" " ind2=" " tag="CAT"><subfield code="a">Sys</subfield><subfield code="c">20090515</subfield><subfield code="h">121206</subfield></datafield></record></collection>